@article{planck1901law,
  title={On the law of distribution of energy in the normal spectrum},
  author={Planck, Max},
  journal={Annalen der physik},
  volume={4},
  number={553},
  pages={1},
  year={1901}
}
@article{heisenberg1927anschaulichen,
  title={{\"U}ber den anschaulichen Inhalt der quantentheoretischen Kinematik und Mechanik},
  author={Heisenberg, Werner},
  journal={Zeitschrift f{\"u}r Physik},
  volume={43},
  number={3},
  pages={172--198},
  year={1927},
  publisher={Springer}
}
@book{dirac1981principles,
  title={The principles of quantum mechanics},
  author={Dirac, Paul Adrien Maurice},
  number={27},
  year={1981},
  publisher={Oxford university press}
}
@book{griffiths2018introduction,
  title={Introduction to quantum mechanics},
  author={Griffiths, David J and Schroeter, Darrell F},
  year={2018},
  publisher={Cambridge university press}
}
@book{sakurai2020modern,
  title={Modern quantum mechanics},
  author={Sakurai, Jun John and Napolitano, Jim},
  year={2020},
  publisher={Cambridge University Press}
}
@article{neumann1955mathematical,
  title={Mathematical foundations of quantum mechanics},
  author={Neumann, John von},
  year={1955}
}
@article{zurek2002decoherence,
  title={Decoherence and the transition from quantum to classical-revisited},
  author={Zurek, Wojciech H},
  journal={Los Alamos Science},
  volume={27},
  pages={86--109},
  year={2002},
  publisher={LOS ALAMOS NATIONAL LABORATORY}
}
@article{carroll2004introduction,
  title={An introduction to general relativity: spacetime and geometry},
  author={Carroll, Sean M},
  journal={Addison Wesley},
  volume={101},
  pages={102},
  year={2004}
}
@misc{gachaWikipedia,
  author = {{Wikipedia contributors}},
  title = {Gacha game --- Wikipedia{,} The Free Encyclopedia},
  year = {2024},
  note = {Accessed: 2025-04-17},
  url = {https://en.wikipedia.org/wiki/Gacha_game}
}

@misc{cagliostroWikipedia,
  author = {{Wikipedia contributors}},
  title = {Cagliostro (Granblue Fantasy) --- Granblue Fantasy Wiki},
  year = {2024},
  note = {Accessed: 2025-04-17},
  url = {https://granblue.fandom.com/wiki/Cagliostro}
}

@misc{planckWikipedia,
  author = {{Wikipedia contributors}},
  title = {Max Planck --- Wikipedia{,} The Free Encyclopedia},
  year = {2024},
  note = {Accessed: 2025-04-17},
  url = {https://en.wikipedia.org/wiki/Max_Planck}
}

@misc{heisenbergWikipedia,
  author = {{Wikipedia contributors}},
  title = {Werner Heisenberg --- Wikipedia{,} The Free Encyclopedia},
  year = {2024},
  note = {Accessed: 2025-04-17},
  url = {https://en.wikipedia.org/wiki/Werner_Heisenberg}
}
@misc{DiracWikipedia,
  author = {{Wikipedia contributors}},
  title = {Paul Dirac --- Wikipedia, The Free Encyclopedia},
  year = {2024},
  note = {Accessed: 2025-04-17},
  url = {https://en.wikipedia.org/wiki/Paul_Dirac}
}

@misc{MeguminWikipedia,
  author = {{Wikipedia contributors}},
  title = {Megumin --- Wikipedia, The Free Encyclopedia},
  year = {2024},
  note = {Accessed: 2025-04-17},
  url = {https://en.wikipedia.org/wiki/Megumin}
}

@misc{AquaWikipedia,
  author = {{Wikipedia contributors}},
  title = {Aqua (KonoSuba) --- Wikipedia, The Free Encyclopedia},
  year = {2024},
  note = {Accessed: 2025-04-17},
  url = {https://en.wikipedia.org/wiki/Aqua_(KonoSuba)}
}

@misc{SlaaneshWikipedia,
  author = {{Wikipedia contributors}},
  title = {Slaanesh --- Wikipedia, The Free Encyclopedia},
  year = {2024},
  note = {Accessed: 2025-04-17},
  url = {https://en.wikipedia.org/wiki/Slaanesh}
}
@book{nielsen2010quantum,
  title={Quantum computation and quantum information},
  author={Nielsen, Michael A and Chuang, Isaac L},
  year={2010},
  publisher={Cambridge university press}
}